@inproceedings{ubaru2015low,
  title={Low rank approximation using error correcting coding matrices},
  author={Ubaru, Shashanka and Mazumdar, Arya and Saad, Yousef},
  booktitle={Proceedings of the 32nd International Conference on Machine Learning (ICML-15)},
  pages={702--710},
  year={2015}
}

@book{hall2003notes,
  title={Notes on coding theory},
  author={Hall, Jonathan I},
  year={2003},
  publisher={FreeTechBooks. com}
}

@manual{matlab_cst_2015,
   address={Natick, Massachusetts},
   organization={The MathWorks, Inc.},
   title={MATLAB and Communications System Toolbox Release R2015b},
   year=2015,
}

@article{ufl_smc,
  title={The University of Florida sparse matrix collection},
  author={Davis, Timothy A and Hu, Yifan},
  journal={ACM Transactions on Mathematical Software (TOMS)},
  volume={38},
  number={1},
  pages={1},
  year={2011},
  publisher={ACM}
}

@article{ailon2009fast,
  title={Fast dimension reduction using Rademacher series on dual BCH codes},
  author={Ailon, Nir and Liberty, Edo},
  journal={Discrete \& Computational Geometry},
  volume={42},
  number={4},
  pages={615--630},
  year={2009},
  publisher={Springer}
}
