@inproceedings{ubaru2015low,
  title={Low rank approximation using error correcting coding matrices},
  author={Ubaru, Shashanka and Mazumdar, Arya and Saad, Yousef},
  booktitle={Proceedings of the 32nd International Conference on Machine Learning (ICML-15)},
  pages={702--710},
  year={2015}
}

@book{hall2003notes,
  title={Notes on coding theory},
  author={Hall, Jonathan I},
  year={2003},
  publisher={FreeTechBooks. com}
}